<?xml version="1.0" encoding="UTF-8"?><collection><record><leader>06307nam a2200649 a 4500</leader><controlfield tag="001">006837726</controlfield><controlfield tag="003">MiAaHDL</controlfield><controlfield tag="005">20190719000000.0</controlfield><controlfield tag="006">m        d        </controlfield><controlfield tag="007">cr bn ---auaua</controlfield><controlfield tag="008">090710s1897    ir            000 0 per d</controlfield><datafield tag="035" ind1=" " ind2=" "><subfield code="a">(MiU)006837726</subfield></datafield><datafield tag="035" ind1=" " ind2=" "><subfield code="a">sdr-miu006837726</subfield></datafield><datafield tag="040" ind1=" " ind2=" "><subfield code="a">MiU</subfield><subfield code="c">MiU</subfield><subfield code="e">amremm</subfield></datafield><datafield tag="041" ind1="0" ind2=" "><subfield code="a">per</subfield><subfield code="a">ara</subfield></datafield><datafield tag="043" ind1=" " ind2=" "><subfield code="a">n-us-mi</subfield><subfield code="a">a-ir---</subfield></datafield><datafield tag="100" ind1="1" ind2=" "><subfield code="6">880-01</subfield><subfield code="a">Vaṣṣāf al-Ḥaz̤rat, ʻAbd Allāh ibn Faz̤l Allāh,</subfield><subfield code="d">1264 or 1265-1329?</subfield></datafield><datafield tag="240" ind1="1" ind2="0"><subfield code="6">880-02</subfield><subfield code="a">Tajziyat al-amṣār wa-tazjiyat al-aʻṣār.</subfield><subfield code="n">mujallad 1</subfield></datafield><datafield tag="245" ind1="1" ind2="3"><subfield code="6">880-03</subfield><subfield code="a">al-Mujallad al-awwal min Tārīkh al-Waṣṣāf al-musammá bi-Tajziyat al-amṣār,</subfield><subfield code="f">[1314, i.e. 1897].</subfield></datafield><datafield tag="246" ind1="3" ind2=" "><subfield code="6">880-04</subfield><subfield code="i">Title at head of text:</subfield><subfield code="a">Hāz̲ā Kitāb-i Vaṣṣāf</subfield></datafield><datafield tag="246" ind1="3" ind2=" "><subfield code="a">Mujallad al-avval min Tārīkh al-Vaṣṣāf al-musammá bi-Tajziyat al-amṣār</subfield></datafield><datafield tag="246" ind1="3" ind2=" "><subfield code="a">تاریخ الوصاف المسمی بتجزیة الامصار</subfield></datafield><datafield tag="260" ind1=" " ind2=" "><subfield code="6">880-05</subfield><subfield code="a">Tabrīz? :</subfield><subfield code="b">Dār al-Ṭibāʻah li-Ḥājjī Aḥmad Aqā,</subfield><subfield code="c">1314 Dh. Ḥ. 9, [1897 May 11].</subfield></datafield><datafield tag="300" ind1=" " ind2=" "><subfield code="a">303 p. (152 leaves) ;</subfield><subfield code="c">240 x 165 (180 x 95) mm.</subfield></datafield><datafield tag="500" ind1=" " ind2=" "><subfield code="a">Shelfmark: Ann Arbor, University of Michigan, Special Collections Library, Isl. Ms. 902</subfield></datafield><datafield tag="500" ind1=" " ind2=" "><subfield code="a">Origin: As appears in colophon on p.303, transcription executed by Muḥammad ibn Muḥammad Riz̤ā-yi Muz̲ahhib 9 Dhu al-Ḥijjah 1314 [ca. 11 May 1897] for the publishing house of Ḥājjī Aḥmad Aqā with correction supplied by Muḥammad Kāẓim.</subfield></datafield><datafield tag="500" ind1=" " ind2=" "><subfield code="a">Accompanying materials: a. Page from Otto Harrassowitz Bücher-Katalog Nr. 352, 1912, "Neupersische Literature," with description of this item marked, reads "1821 Wassâf. Taʼrikh. Täbris 1314. Lex. 8o. Ldrbd. 303 pg. Lithographie. Ethé 359. Mit ausführlichem Rand- und Interlinear-Kommentar." -- b. Card with notes in pencil, "Lithographed text, not MS. | (most lithographed texts are Indian/per Emile Savage-Smith)" -- c. Slip of paper "Persian Manuscripts [crossed out, then in pencil] lithographed text (Heyworth-Dunne?) No Husselman or Meredith- Owens notes" -- d. Slip of paper with inscription in black ink reading "Counted for 1968/69 Annual Report" (transcribed in handlist prepared by R. Dougherty, 1993).</subfield></datafield><datafield tag="500" ind1=" " ind2=" "><subfield code="a">Former shelfmark: Mich. Isl. Ms. temp. no. 51</subfield></datafield><datafield tag="500" ind1=" " ind2=" "><subfield code="a">Binding: Pasteboards covered in black leather ; Type III binding (without flap) ; board linings in wove paper (lower board lining tinted lavender) ; sewn in dark brown thread, two stations, failing at opening of codex ; overall in fairly good condition with some negative draw in covers.</subfield></datafield><datafield tag="500" ind1=" " ind2=" "><subfield code="a">Support: Wove paper, light brown in color.</subfield></datafield><datafield tag="500" ind1=" " ind2=" "><subfield code="a">Layout: Mainly in 17 lines per page ; exemplar frame-ruled ; marginal glosses arranged in various geometrical shapes.</subfield></datafield><datafield tag="500" ind1=" " ind2=" "><subfield code="a">Collation: 19 IV (152) ; exclusively quaternions ; catchwords present (on both verso and recto of each leaf) ; pagination in black ink, Hindu-Arabic numerals.</subfield></datafield><datafield tag="500" ind1=" " ind2=" "><subfield code="a">Colophon: "Scribal", triangular form, in Arabic, reads: "وقد تم المجلد الاول من تاريخ الوصاف المسمى بتجزية الامصار على يد اقل العباد عملا و اكثرهم زللا محمد بن محمد رضاي مذهب المرحوم التبريزي الاصل والمسكن في دار الطباعة للمخدوم المعظم فخر الحجاج [؟] والمعتمرين حاجي احمد اقا غفر الله لهما ولوالديهما بحق النبي والولي واولادهما المكرمين صلوات الله وسلامه عليهم اجمعين في يوم الاربعاء تاسع شهر ذي الحجة الحرام سنة 1314 وقد امعن النظر في تصحيحه بتوفيق الله ومنه العبد الاثم محمد كاظم عفي عنه"</subfield></datafield><datafield tag="500" ind1=" " ind2=" "><subfield code="a">Lithographed.</subfield></datafield><datafield tag="500" ind1=" " ind2=" "><subfield code="a">Title from colophon.</subfield></datafield><datafield tag="510" ind1="3" ind2=" "><subfield code="a">Pfeiffer, Judith. "'A turgid history of the Mongol empire in Persia:' espistimological reflections concerning a critical edition of Vaṣṣāf's Tajziyat al-amṣār wa-tazjiyat al-aʻṣār." In Theoretical approaches to the transmission and edition of Oriental manuscripts. Proceedings of a symposium held in Istanbul, March 28-30, 2001, Eds. Judith Pfeiffer and Manfred Kropp (Beirut: Ergon verlag Würzburg in Kommission, 2007):</subfield><subfield code="c">107-123.</subfield></datafield><datafield tag="520" ind1="8" ind2=" "><subfield code="a">Lithographed copy of the first volume of Vaṣṣāf's Tajziyat al-amṣār wa-tazjiyat al-aʻṣār, a history of the Īlkhāns intended as a continuation of ʻAlāʼ al-Dīn ʻAṭā Malik Juvaynī's (d.1283) Tārīkh-i Jahāngushā (Jahān-gushāy) and renowned for its form and style. Includes an abundance of marginal and interlinear glosses transferred from the exemplar.</subfield></datafield><datafield tag="538" ind1=" " ind2=" "><subfield code="a">Mode of access: Internet.</subfield></datafield><datafield tag="546" ind1=" " ind2=" "><subfield code="a">In Persian ; colophon in Arabic.</subfield></datafield><datafield tag="561" ind1=" " ind2=" "><subfield code="a">Inscription in pencil on 'title page' "Waṣṣâf. Taʼrikh. Täbris 1314." ; inscription in pencil on final page "11 Vole [?]" ; stamped by University of Michigan Library.</subfield></datafield><datafield tag="600" ind1="3" ind2="0"><subfield code="a">Ilkhanid dynasty</subfield><subfield code="x">History</subfield><subfield code="v">Early works to 1800.</subfield></datafield><datafield tag="650" ind1=" " ind2="0"><subfield code="a">Mongols</subfield><subfield code="z">Iran</subfield><subfield code="x">History</subfield><subfield code="v">Early works to 1800.</subfield></datafield><datafield tag="651" ind1=" " ind2="0"><subfield code="a">Iran</subfield><subfield code="x">History</subfield><subfield code="y">640-1500</subfield><subfield code="v">Early works to 1800.</subfield></datafield><datafield tag="700" ind1="0" ind2=" "><subfield code="6">880-08</subfield><subfield code="a">Ḥājjī Aḥmad Aqā,</subfield><subfield code="d">fl. 1897,</subfield><subfield code="e">publisher.</subfield></datafield><datafield tag="700" ind1="0" ind2=" "><subfield code="6">880-07</subfield><subfield code="a">Muḥammad Kāẓim,</subfield><subfield code="d">fl. 1897,</subfield><subfield code="e">corrector.</subfield></datafield><datafield tag="700" ind1="0" ind2=" "><subfield code="6">880-06</subfield><subfield code="a">Muḥammad ibn Muḥammad Riz̤ā-yi Muz̲ahhib,</subfield><subfield code="d">fl. 1897,</subfield><subfield code="e">scribe.</subfield></datafield><datafield tag="740" ind1="0" ind2=" "><subfield code="6">880-09</subfield><subfield code="a">Tārīkh-i Vaṣṣāf</subfield></datafield><datafield tag="773" ind1="0" ind2=" "><subfield code="a">F. E. Nuttall Collection.</subfield></datafield><datafield tag="880" ind1="0" ind2=" "><subfield code="6">740-09/</subfield><subfield code="a">تاريخ وصاف</subfield></datafield><datafield tag="880" ind1="0" ind2=" "><subfield code="6">700-08/</subfield><subfield code="a">حاجى احمد اقا,</subfield><subfield code="e">ناشر.</subfield></datafield><datafield tag="880" ind1="0" ind2=" "><subfield code="6">700-07/</subfield><subfield code="a">محمد كاظم,</subfield><subfield code="e">مصحح.</subfield></datafield><datafield tag="880" ind1="0" ind2=" "><subfield code="6">700-06/</subfield><subfield code="a">محمد بن محمد رضاى مذهب,</subfield><subfield code="e">ناسخ.</subfield></datafield><datafield tag="880" ind1=" " ind2=" "><subfield code="6">260-05/</subfield><subfield code="a">تبريز؟ :</subfield><subfield code="b">دار الطباعة لحاجي احمد اقا,</subfield><subfield code="c">1314ذ ه 9, 1897 مايو 11.</subfield></datafield><datafield tag="880" ind1="3" ind2=" "><subfield code="6">246-04/</subfield><subfield code="a">هذا كتاب وصاف</subfield></datafield><datafield tag="880" ind1="1" ind2="2"><subfield code="6">245-03/</subfield><subfield code="a">المجلد الاول من تاريخ الوصاف المسمى بتجزية الامصار,</subfield><subfield code="f">[1314ه, 1897م].</subfield></datafield><datafield tag="880" ind1="1" ind2="0"><subfield code="6">240-02/</subfield><subfield code="a">تجزية الامصار وتزجية الاعصار.</subfield><subfield code="n">مجلد 1</subfield></datafield><datafield tag="880" ind1="1" ind2=" "><subfield code="6">100-01/</subfield><subfield code="a">وصاف الحضرة، عبد الله بن فضل الله.</subfield></datafield><datafield tag="CID" ind1=" " ind2=" "><subfield code="a">006837726</subfield></datafield><datafield tag="DAT" ind1="0" ind2=" "><subfield code="a">20190719102642.0</subfield><subfield code="b">20190719000000.0</subfield></datafield><datafield tag="DAT" ind1="1" ind2=" "><subfield code="a">20190719090653.0</subfield><subfield code="b">2019-07-19T16:12:33Z</subfield></datafield><datafield tag="DAT" ind1="2" ind2=" "><subfield code="a">2015-10-10T18:00:06Z</subfield></datafield><datafield tag="CAT" ind1=" " ind2=" "><subfield code="a">SDR-MIU</subfield><subfield code="d">EX LIBRIS - ALEPH</subfield><subfield code="l">prepare.pl-004-008</subfield></datafield><datafield tag="FMT" ind1=" " ind2=" "><subfield code="a">BK</subfield></datafield><datafield tag="HOL" ind1=" " ind2=" "><subfield code="0">sdr-miu006837726</subfield><subfield code="a">MiU</subfield><subfield code="b">SDR</subfield><subfield code="c">MIU</subfield><subfield code="p">mdp.39015079132729</subfield><subfield code="s">MIU</subfield><subfield code="1">006837726</subfield></datafield><datafield tag="974" ind1=" " ind2=" "><subfield code="b">MIU</subfield><subfield code="c">MIU</subfield><subfield code="d">20190719</subfield><subfield code="s">lit-dlps-dc</subfield><subfield code="u">mdp.39015079132729</subfield><subfield code="y">1897</subfield><subfield code="r">pd</subfield><subfield code="q">exp</subfield></datafield></record></collection>